<record><leader>00000cas a22000007a 4500</leader><controlfield tag="001">28322773</controlfield><controlfield tag="008">930624d19091911okuwr ne      0    0eng d</controlfield><datafield ind1=" " ind2=" " tag="010"><subfield code="a">sn 93066065 </subfield></datafield><datafield ind1=" " ind2=" " tag="040"><subfield code="a">OBN</subfield><subfield code="b">eng</subfield><subfield code="c">OBN</subfield><subfield code="d">OCL</subfield><subfield code="d">OCLCQ</subfield></datafield><datafield ind1=" " ind2=" " tag="042"><subfield code="a">msc</subfield></datafield><datafield ind1="0" ind2=" " tag="130"><subfield code="a">Clinton times (Clinton, Okla. : 1909)</subfield></datafield><datafield ind1="1" ind2="4" tag="245"><subfield code="a">The Clinton times.</subfield></datafield><datafield ind1=" " ind2=" " tag="260"><subfield code="a">Clinton, Okla. :</subfield><subfield code="b">Clinton Pub. Co.</subfield></datafield><datafield ind1=" " ind2=" " tag="300"><subfield code="a">v.</subfield></datafield><datafield ind1=" " ind2=" " tag="310"><subfield code="a">Weekly,</subfield><subfield code="b">June 22-Aug. 10, 1911</subfield></datafield><datafield ind1=" " ind2=" " tag="321"><subfield code="a">Semiweekly,</subfield><subfield code="b">&lt;1909&gt;-June 16, 1911</subfield></datafield><datafield ind1="0" ind2=" " tag="362"><subfield code="a">-v. 2, no, 59 (Aug. 10, 1911).</subfield></datafield><datafield ind1=" " ind2=" " tag="500"><subfield code="a">Established Dec. 24, 1909.</subfield></datafield><datafield ind1=" " ind2=" " tag="588"><subfield code="a">Description based on: Vol. 1, no. 30 (Apr. 1, 1910).</subfield></datafield><datafield ind1=" " ind2="4" tag="651"><subfield code="a">Clinton (Okla.)</subfield><subfield code="v">Newspapers.</subfield></datafield><datafield ind1=" " ind2="4" tag="651"><subfield code="a">Custer County (Okla.)</subfield><subfield code="v">Newspapers.</subfield></datafield><datafield ind1=" " ind2=" " tag="752"><subfield code="a">United States</subfield><subfield code="b">Oklahoma</subfield><subfield code="c">Custer</subfield><subfield code="d">Clinton.</subfield></datafield><datafield ind1="0" ind2="5" tag="780"><subfield code="t">Weatherford booster</subfield><subfield code="w">(DLC)sn 93066024</subfield><subfield code="w">(OCoLC)27964762</subfield></datafield><datafield ind1="0" ind2="4" tag="785"><subfield code="t">Clinton news</subfield><subfield code="w">(DLC)sn 93066037</subfield><subfield code="w">(OCoLC)28310942</subfield></datafield><datafield ind1="1" ind2=" " tag="029"><subfield code="a">AU@</subfield><subfield code="b">000020745822</subfield></datafield></record>